[gd_scene load_steps=22 format=2]

[ext_resource path="res://scenes/button/Button.tscn" type="PackedScene" id=1]
[ext_resource path="res://models/door/door.gltf" type="PackedScene" id=2]
[ext_resource path="res://scenes/pickups/cinderblock/Cinderblock.tscn" type="PackedScene" id=3]
[ext_resource path="res://scenes/level2/level2.gltf" type="PackedScene" id=4]
[ext_resource path="res://scenes/level2/door_closed.anim" type="Animation" id=5]
[ext_resource path="res://scenes/level2/door_opened.anim" type="Animation" id=6]
[ext_resource path="res://scenes/DontFallArea/DontFallArea.tscn" type="PackedScene" id=7]

[sub_resource type="GDScript" id=2]

script/source = "extends Area

# Declare member variables here. Examples:
# var a = 2
# var b = \"text\"

# Called when the node enters the scene tree for the first time.
func _ready():
	pass # Replace with function body.

# Called every frame. 'delta' is the elapsed time since the previous frame.
#func _process(delta):
#	pass


func _on_AreaStartLevel2_body_entered(body):
	if body.is_in_group(\"Player\"):
		get_tree().root.get_node(\"Main/BGWindStreamPlayer\")._start()
		Game.free_level(1)
		Game.load_level(3)
		$CollisionShape.disabled = true
		Game.hud.update_tutorial_text(\"Space/A/Cross:\\n  Jump\", true, 0.5, 6, 0.3)
		self.queue_free()
"

[sub_resource type="BoxShape" id=3]

margin = 0.04
extents = Vector3( 11.7074, 3.7778, 11.6279 )

[sub_resource type="GDScript" id=14]

script/source = "extends Area

var timer_disabled = 0.0
# Declare member variables here. Examples:
# var a = 2
# var b = \"text\"

# Called when the node enters the scene tree for the first time.
func _ready():
	set_process(false)

func _process(dt):
	timer_disabled -= dt
	if timer_disabled <= 0:
		$CollisionShape.disabled = false
		set_process(false)

# Called every frame. 'delta' is the elapsed time since the previous frame.
#func _process(delta):
#	pass


func _on_ThrowTut_body_exited(body):
	if body.is_in_group(\"Player\"):
		Game.hud.update_tutorial_text(\"Pick up an object and hold E/B/Circle to throw.\\nHold longer to throw further.\", true, 0.3, 10, 0.3)
		timer_disabled = 10.6
		$CollisionShape.disabled = true
"

[sub_resource type="BoxShape" id=15]

margin = 0.04
extents = Vector3( 1, 16.8265, 14.9475 )

[sub_resource type="Animation" id=4]

resource_name = "Idle"
length = 1.0
loop = false
step = 0.1
tracks/0/type = "value"
tracks/0/path = NodePath("Level2Imp/BaseDoor:rotation_degrees")
tracks/0/interp = 1
tracks/0/loop_wrap = true
tracks/0/imported = false
tracks/0/enabled = true
tracks/0/keys = {
"times": PoolRealArray( 0 ),
"transitions": PoolRealArray( 1 ),
"update": 0,
"values": [ Vector3( 6.6096e-006, 7.62084e-006, -81.8706 ) ]
}

[sub_resource type="Animation" id=5]

length = 5.0
loop = false
step = 0.05
tracks/0/type = "value"
tracks/0/path = NodePath("Level2Imp/BaseDoor:rotation_degrees")
tracks/0/interp = 1
tracks/0/loop_wrap = true
tracks/0/imported = false
tracks/0/enabled = true
tracks/0/keys = {
"times": PoolRealArray( 0, 2.5, 2.7, 2.85 ),
"transitions": PoolRealArray( 9.18958, 0.812252, 1.7411, 1 ),
"update": 0,
"values": [ Vector3( 6.6096e-006, 7.62084e-006, -81.8706 ), Vector3( 6.6096e-006, 0, -0.3 ), Vector3( 6.6096e-006, 7.62084e-006, -4 ), Vector3( 6.6096e-006, 0, -0.3 ) ]
}

[sub_resource type="GDScript" id=6]

script/source = "extends AnimationPlayer

# Declare member variables here. Examples:
# var a = 2
# var b = \"text\"

# Called when the node enters the scene tree for the first time.
func _ready():
	pass # Replace with function body.

# Called every frame. 'delta' is the elapsed time since the previous frame.
#func _process(delta):
#	pass



func _on_Area_body_entered(body):
	if body.is_in_group(\"Pickup\"):
		self.play(\"RampOpen\")
		get_node(\"../Level2Imp/BaseDoor/Area/CollisionShape\").disabled = true
		get_node(\"../Level2Imp/BaseDoor/Area\").queue_free()
		#Game.load_level(3)
"

[sub_resource type="BoxShape" id=7]

margin = 0.04
extents = Vector3( 7.60742, 0.47364, 4.45574 )

[sub_resource type="GDScript" id=8]

script/source = "extends AnimationTreePlayer

var blend := 0.0
var open = false

func _ready():
	set_process(true)

func _process(dt):
	if open:
		blend += dt
	else:
		blend -= dt*4
	blend = clamp(blend, 0.0, 1.0)
	self.blend2_node_set_amount(\"BlendDoor\", blend)

func open():
	open = true

func close(amt):
	open = false"

[sub_resource type="BoxShape" id=9]

margin = 0.04
extents = Vector3( 25.3047, 7.9841, 110.752 )

[sub_resource type="BoxShape" id=10]

margin = 0.04
extents = Vector3( 22.4356, 7.9841, 110.752 )

[sub_resource type="BoxShape" id=11]

margin = 0.04
extents = Vector3( 27.4785, 7.9841, 110.752 )

[sub_resource type="BoxShape" id=12]

margin = 0.04
extents = Vector3( 91.51, 7.60939, 65.9259 )

[sub_resource type="BoxShape" id=13]

margin = 0.04
extents = Vector3( 91.51, 7.99783, 66.0026 )

[node name="Level2" type="Spatial"]

[node name="AreaStartLevel2" type="Area" parent="."]
editor/display_folded = true
transform = Transform( 1, 0, 0, 0, 1, 0, 0, 0, 1, 0, -216.929, -2.61377 )
input_ray_pickable = false
input_capture_on_drag = false
space_override = 0
gravity_point = false
gravity_distance_scale = 0.0
gravity_vec = Vector3( 0, -1, 0 )
gravity = 9.8
linear_damp = 0.1
angular_damp = 1.0
priority = 0.0
monitoring = true
monitorable = true
collision_layer = 1
collision_mask = 1
audio_bus_override = false
audio_bus_name = "Master"
reverb_bus_enable = false
reverb_bus_name = "Master"
reverb_bus_amount = 0.0
reverb_bus_uniformity = 0.0
script = SubResource( 2 )
_sections_unfolded = [ "Transform" ]

[node name="CollisionShape" type="CollisionShape" parent="AreaStartLevel2"]
shape = SubResource( 3 )
disabled = false

[node name="OmniLight5" type="OmniLight" parent="."]
transform = Transform( 1, 0, 0, 0, 1, 0, 0, 0, 1, -2.47889, -122.828, -3.93153 )
layers = 1
light_color = Color( 0.886275, 0.980392, 1, 1 )
light_energy = 0.2
light_indirect_energy = 0.32
light_negative = false
light_specular = 0.5
light_bake_mode = 1
light_cull_mask = -1
shadow_enabled = false
shadow_color = Color( 0, 0, 0, 1 )
shadow_bias = 0.260001
shadow_contact = 0.0
shadow_reverse_cull_face = false
editor_only = false
omni_range = 81.4661
omni_attenuation = 1.0
omni_shadow_mode = 1
omni_shadow_detail = 1
_sections_unfolded = [ "Light", "Omni", "Shadow", "Transform" ]

[node name="OmniLight7" type="OmniLight" parent="."]
transform = Transform( 1, 0, 0, 0, 1, 0, 0, 0, 1, -2.47889, -53.8774, -3.93153 )
layers = 1
light_color = Color( 0.886275, 0.980392, 1, 1 )
light_energy = 0.2
light_indirect_energy = 0.32
light_negative = false
light_specular = 0.5
light_bake_mode = 1
light_cull_mask = -1
shadow_enabled = false
shadow_color = Color( 0, 0, 0, 1 )
shadow_bias = 0.260001
shadow_contact = 0.0
shadow_reverse_cull_face = false
editor_only = false
omni_range = 65.9696
omni_attenuation = 1.0
omni_shadow_mode = 1
omni_shadow_detail = 1
_sections_unfolded = [ "Light", "Omni", "Shadow", "Transform" ]

[node name="OmniLight6" type="OmniLight" parent="."]
transform = Transform( 1, 0, 0, 0, 1, 0, 0, 0, 1, -2.47889, -332.981, -89.5415 )
layers = 1
light_color = Color( 0.886275, 0.980392, 1, 1 )
light_energy = 0.2
light_indirect_energy = 1.0
light_negative = false
light_specular = 0.5
light_bake_mode = 1
light_cull_mask = -1
shadow_enabled = false
shadow_color = Color( 0, 0, 0, 1 )
shadow_bias = 0.260001
shadow_contact = 0.0
shadow_reverse_cull_face = false
editor_only = false
omni_range = 328.783
omni_attenuation = 1.0
omni_shadow_mode = 1
omni_shadow_detail = 1
_sections_unfolded = [ "Light", "Omni", "Shadow", "Transform" ]

[node name="SpotLight" type="SpotLight" parent="."]
transform = Transform( 1, 0, 0, 0, -4.37114e-008, 1, 0, -1, -4.37114e-008, -2.47889, -182.721, -3.83432 )
layers = 1
light_color = Color( 0.886275, 0.980392, 1, 1 )
light_energy = 0.2
light_indirect_energy = 1.0
light_negative = false
light_specular = 0.5
light_bake_mode = 1
light_cull_mask = -1
shadow_enabled = true
shadow_color = Color( 0, 0, 0, 1 )
shadow_bias = 0.5
shadow_contact = 0.0
shadow_reverse_cull_face = false
editor_only = false
spot_range = 66.2544
spot_attenuation = 1.0
spot_angle = 45.0
spot_angle_attenuation = 1.0
_sections_unfolded = [ "Light", "Omni", "Shadow", "Transform" ]

[node name="Button" parent="." instance=ExtResource( 1 )]
transform = Transform( 1, 0, 0, 0, 1, 0, 0, 0, 1, 60.5146, -224.681, -0.947164 )

[node name="SpotLight2" type="SpotLight" parent="."]
transform = Transform( 0.00109445, -0.925418, 0.378947, -0.000464721, 0.378946, 0.925418, -0.999999, -0.00118893, -1.53222e-005, 71.6711, -218.321, -1.25681 )
layers = 1
light_color = Color( 1, 0.92549, 0.764706, 1 )
light_energy = 1.0
light_indirect_energy = 1.0
light_negative = false
light_specular = 0.5
light_bake_mode = 1
light_cull_mask = -1
shadow_enabled = true
shadow_color = Color( 0, 0, 0, 1 )
shadow_bias = 0.15
shadow_contact = 0.0
shadow_reverse_cull_face = false
editor_only = false
spot_range = 10.7506
spot_attenuation = 1.0
spot_angle = 46.5262
spot_angle_attenuation = 0.466516
_sections_unfolded = [ "Light", "Shadow", "Spot" ]

[node name="OmniLight" type="OmniLight" parent="."]
transform = Transform( 0.00118338, -0.996421, 0.0845237, -0.00011576, 0.0845237, 0.996421, -0.999999, -0.00118893, -1.53222e-005, 71.5225, -220.233, -1.25681 )
layers = 1
light_color = Color( 1, 0.960784, 0.87451, 1 )
light_energy = 0.15
light_indirect_energy = 1.0
light_negative = false
light_specular = 0.5
light_bake_mode = 1
light_cull_mask = -1
shadow_enabled = false
shadow_color = Color( 0, 0, 0, 1 )
shadow_bias = 0.15
shadow_contact = 0.0
shadow_reverse_cull_face = false
editor_only = false
omni_range = 5.35227
omni_attenuation = 2.82843
omni_shadow_mode = 1
omni_shadow_detail = 1
_sections_unfolded = [ "Light", "Omni", "Shadow", "Spot" ]

[node name="Door" parent="." instance=ExtResource( 2 )]
editor/display_folded = true
transform = Transform( -4.37114e-008, 0, 1, 0, 1, 0, -1, 0, -4.37114e-008, 72.6621, -223.738, -1.4015 )
_sections_unfolded = [ "Transform" ]

[node name="Door" parent="Door" index="0"]
transform = Transform( 1, 0, 0, 0, 1, 0, 0, 0, 1, 0, 0, 0.046463 )
_sections_unfolded = [ "material", "mesh" ]

[node name="ThrowTut" type="Area" parent="."]
transform = Transform( 1, 0, 0, 0, 1, 0, 0, 0, 1, 75.376, -223.029, -6.14425 )
input_ray_pickable = false
input_capture_on_drag = false
space_override = 0
gravity_point = false
gravity_distance_scale = 0.0
gravity_vec = Vector3( 0, -1, 0 )
gravity = 9.8
linear_damp = 0.1
angular_damp = 1.0
priority = 0.0
monitoring = true
monitorable = true
collision_layer = 1
collision_mask = 1
audio_bus_override = false
audio_bus_name = "Master"
reverb_bus_enable = false
reverb_bus_name = "Master"
reverb_bus_amount = 0.0
reverb_bus_uniformity = 0.0
script = SubResource( 14 )

[node name="CollisionShape" type="CollisionShape" parent="ThrowTut"]
transform = Transform( 1, 0, 0, 0, 1, 0, 0, 0, 1, 3, 5.18205, 4 )
shape = SubResource( 15 )
disabled = false

[node name="Cinderblock" parent="." groups=[
"DontFall",
] instance=ExtResource( 3 )]
transform = Transform( 1, 0, 0, 0, 1, 0, 0, 0, 1, 53.376, -224.029, 0.855747 )
_sections_unfolded = [ "Axis Lock", "Collision", "Linear", "Matrix", "Transform" ]

[node name="Cinderblock2" parent="." groups=[
"DontFall",
] instance=ExtResource( 3 )]
transform = Transform( -0.560465, -0.317288, -0.764988, 0.147256, -0.947161, 0.28496, -0.814981, 0.0470611, 0.577573, 97.1668, -222.875, -5.16136 )

[node name="Cinderblock3" parent="." groups=[
"DontFall",
] instance=ExtResource( 3 )]
transform = Transform( 0.829706, -0.550888, -0.0900646, 0.376625, 0.433388, 0.818736, -0.411999, -0.71323, 0.567063, 90.5887, -222.238, -4.10295 )

[node name="Cinderblock4" parent="." groups=[
"DontFall",
] instance=ExtResource( 3 )]
transform = Transform( -0.698772, 0.250629, -0.670002, -0.354441, -0.934866, 0.0199535, -0.621361, 0.251419, 0.742091, 93.7005, -223.225, 1.69363 )

[node name="RampAnimationPlayer" type="AnimationPlayer" parent="."]
root_node = NodePath("..")
autoplay = "Idle"
playback_process_mode = 1
playback_default_blend_time = 0.0
playback_speed = 1.0
anims/Idle = SubResource( 4 )
anims/RampOpen = SubResource( 5 )
blend_times = [  ]
script = SubResource( 6 )

[node name="Level2Imp" parent="." instance=ExtResource( 4 )]
editor/display_folded = true

[node name="BaseDoor" parent="Level2Imp" index="0"]
transform = Transform( 0.141409, 0.989951, 1.33009e-007, -0.989951, 0.141409, -1.15359e-007, -1.33009e-007, -1.15359e-007, 1, 116.772, -223.756, -1.56793 )

[node name="Area" type="Area" parent="Level2Imp/BaseDoor" index="0"]
transform = Transform( 1, 1.53438e-014, 0, 1.53438e-014, 1, 7.10543e-015, 1.42109e-014, 2.84217e-014, 1, 5, 0, -2.38419e-007 )
input_ray_pickable = false
input_capture_on_drag = false
space_override = 0
gravity_point = false
gravity_distance_scale = 0.0
gravity_vec = Vector3( 0, -1, 0 )
gravity = 9.8
linear_damp = 0.1
angular_damp = 1.0
priority = 0.0
monitoring = true
monitorable = true
collision_layer = 1
collision_mask = 1
audio_bus_override = false
audio_bus_name = "Master"
reverb_bus_enable = false
reverb_bus_name = "Master"
reverb_bus_amount = 0.0
reverb_bus_uniformity = 0.0

[node name="CollisionShape" type="CollisionShape" parent="Level2Imp/BaseDoor/Area"]
transform = Transform( 1, 1.53438e-014, 0, 1.53438e-014, 1, -7.10543e-015, 2.84217e-014, 1.42109e-014, 1, -12.7319, 1.52588e-005, 0 )
shape = SubResource( 7 )
disabled = false

[node name="DoorAnimationTreePlayer" type="AnimationTreePlayer" parent="."]
playback_process_mode = 1
master_player = NodePath("")
base_path = NodePath("..")
active = true
data = {
"active": true,
"connections": [ "BlendDoor", "out", 0, "anim", "BlendDoor", 0, "anim 2", "BlendDoor", 1 ],
"master": NodePath(""),
"nodes": [ {
"animation": ExtResource( 5 ),
"filter": [  ],
"id": "anim",
"position": Vector2( 237, 20 ),
"type": "animation"
}, {
"id": "out",
"position": Vector2( 574, 76 ),
"type": "output"
}, {
"blend": 0.0,
"filter": [  ],
"id": "BlendDoor",
"position": Vector2( 398, 34 ),
"type": "blend2"
}, {
"animation": ExtResource( 6 ),
"filter": [  ],
"id": "anim 2",
"position": Vector2( 158, 144 ),
"type": "animation"
} ]
}
script = SubResource( 8 )

[node name="PlayerSpawn" type="Spatial" parent="."]
transform = Transform( 1, 0, 0, 0, 1, 0, 0, 0, 1, -4.387, -219.575, 0 )

[node name="PlayerDontFalls" type="Spatial" parent="."]
editor/display_folded = true

[node name="DontFallArea" parent="PlayerDontFalls" instance=ExtResource( 7 )]
transform = Transform( 1, 0, 0, 0, 1, 0, 0, 0, 1, 0, -241.27, -3.8599 )
tp_dontfalls = false
tp_player = true

[node name="CollisionShape" parent="PlayerDontFalls/DontFallArea" index="0"]
transform = Transform( 1, 0, 0, 0, 1, 0, 0, 0, 1, -65.3753, 0, 0 )

[node name="Respawn" parent="PlayerDontFalls/DontFallArea" index="1"]
transform = Transform( 1, 0, 0, 0, 1, 0, 0, 0, 1, 1.53008, 21.6087, 0 )

[node name="DontFallArea2" parent="PlayerDontFalls" instance=ExtResource( 7 )]
transform = Transform( 1, 0, 0, 0, 1, 0, 0, 0, 1, 27.9831, -232.299, -3.8599 )
tp_dontfalls = false
tp_player = true

[node name="CollisionShape" parent="PlayerDontFalls/DontFallArea2" index="0"]
transform = Transform( 1, 0, 0, 0, 1, 0, 0, 0, 1, -3.41991, -19.8368, 0 )
shape = SubResource( 9 )

[node name="Respawn" parent="PlayerDontFalls/DontFallArea2" index="1"]
transform = Transform( 1, 0, 0, 0, 1, 0, 0, 0, 1, -15.0149, 7.85161, 0 )

[node name="DontFallArea3" parent="PlayerDontFalls" instance=ExtResource( 7 )]
transform = Transform( 1, 0, 0, 0, 1, 0, 0, 0, 1, 55.1375, -232.299, -3.8599 )
tp_dontfalls = false
tp_player = true

[node name="CollisionShape" parent="PlayerDontFalls/DontFallArea3" index="0"]
transform = Transform( 1, 0, 0, 0, 1, 0, 0, 0, 1, -0.901577, -18.3356, 0 )
shape = SubResource( 10 )

[node name="Respawn" parent="PlayerDontFalls/DontFallArea3" index="1"]
transform = Transform( 1, 0, 0, 0, 1, 0, 0, 0, 1, -1.10543, 7.85161, 2.51503 )

[node name="DontFallArea4" parent="PlayerDontFalls" instance=ExtResource( 7 )]
transform = Transform( 1, 0, 0, 0, 1, 0, 0, 0, 1, 91.1277, -232.299, -3.8599 )
tp_dontfalls = false
tp_player = true

[node name="CollisionShape" parent="PlayerDontFalls/DontFallArea4" index="0"]
transform = Transform( 1, 0, 0, 0, 1, 0, 0, 0, 1, 7.0397, -18.4345, 0 )
shape = SubResource( 11 )

[node name="Respawn" parent="PlayerDontFalls/DontFallArea4" index="1"]
transform = Transform( 1, 0, 0, 0, 1, 0, 0, 0, 1, -1.10542, 8.8233, 2.51503 )

[node name="DontFalls" type="Spatial" parent="."]

[node name="DontFallArea5" parent="DontFalls" instance=ExtResource( 7 )]
transform = Transform( -4.37114e-008, 0, 1, 0, 1, 0, -1, 0, -4.37114e-008, 53.9331, -238.895, -1.4015 )

[node name="CollisionShape" parent="DontFalls/DontFallArea5" index="0"]
transform = Transform( 1, 0, 0, 0, 1, 0, 0, 0, 1, 1.90735e-006, -11.8287, -33.8134 )
shape = SubResource( 12 )

[node name="Respawn" parent="DontFalls/DontFallArea5" index="1"]
transform = Transform( 1, 0, 0, 0, 1, 0, 0, 0, 1, 0, 29.9858, -0.710289 )

[node name="DontFallArea6" parent="DontFalls" instance=ExtResource( 7 )]
transform = Transform( -4.37114e-008, 0, 1, 0, 1, 0, -1, 0, -4.37114e-008, 145.781, -238.895, -1.4015 )

[node name="CollisionShape" parent="DontFalls/DontFallArea6" index="0"]
transform = Transform( 1, 0, 0, 0, 1, 0, 0, 0, 1, 1.78814e-006, -12.8287, -35.8134 )
shape = SubResource( 13 )

[node name="Respawn" parent="DontFalls/DontFallArea6" index="1"]
transform = Transform( 1, 0, 0, 0, 1, 0, 0, 0, 1, -3.57628e-007, 31.9858, -56.7103 )

[connection signal="body_entered" from="AreaStartLevel2" to="AreaStartLevel2" method="_on_AreaStartLevel2_body_entered"]
[connection signal="fully_pressed" from="Button" to="DoorAnimationTreePlayer" method="open"]
[connection signal="partially_pressed" from="Button" to="DoorAnimationTreePlayer" method="close"]
[connection signal="body_exited" from="ThrowTut" to="ThrowTut" method="_on_ThrowTut_body_exited"]
[connection signal="body_entered" from="Level2Imp/BaseDoor/Area" to="RampAnimationPlayer" method="_on_Area_body_entered"]

[editable path="Door"]

[editable path="Level2Imp"]

[editable path="PlayerDontFalls/DontFallArea"]

[editable path="PlayerDontFalls/DontFallArea2"]

[editable path="PlayerDontFalls/DontFallArea3"]

[editable path="PlayerDontFalls/DontFallArea4"]

[editable path="DontFalls/DontFallArea5"]

[editable path="DontFalls/DontFallArea6"]
